<?xml version="1.0" encoding="UTF-8"?><collection xmlns="http://www.loc.gov/MARC21/slim"><record><leader>00441nam--2200169-i-4500</leader><controlfield tag="001">000011671</controlfield><controlfield tag="002">20161230</controlfield><controlfield tag="005">20170302173351</controlfield><controlfield tag="008">060222s1000------------r-----000-0-eng-d</controlfield><datafield ind1=" " ind2=" " tag="100"><subfield code="a">Bonsall, F. F</subfield></datafield><datafield ind1=" " ind2=" " tag="245"><subfield code="a">Complete normed algebras</subfield></datafield><datafield ind1=" " ind2=" " tag="260"><subfield code="a">Berlin</subfield><subfield code="b">Springer-Verlag</subfield><subfield code="c">1973</subfield></datafield><datafield ind1=" " ind2=" " tag="300"><subfield code="a">X + 301 p</subfield></datafield><datafield ind1=" " ind2=" " tag="490"><subfield code="a">Ergebnisse Der Mathematik Und Ihrer Grenzgebiete</subfield></datafield><datafield ind1=" " ind2=" " tag="700"><subfield code="a">Duncan, J</subfield></datafield><datafield ind1=" " ind2=" " tag="852"><subfield code="a">512</subfield></datafield><datafield ind1=" " ind2=" " tag="CAT"><subfield code="a">SYS</subfield><subfield code="c">20170302</subfield><subfield code="h">173351</subfield></datafield></record></collection>